\Bibliographic references
\begin{thebibliography}{9}

@article{hinton2003family,
  title={Family-based approaches to juvenile delinquency: A review of the literature},
  author={Hinton, W Jeff and Sheperis, Carl and Sims, Pat},
  journal={The family journal},
  volume={11},
  number={2},
  pages={167--173},
  year={2003},
  publisher={Sage Publications}
}
@article{kang2012senti,
  title={Senti-lexicon and improved Na{\"\i}ve Bayes algorithms for sentiment analysis of restaurant reviews},
  author={Kang, Hanhoon and Yoo, Seong Joon and Han, Dongil},
  journal={Expert Systems with Applications},
  volume={39},
  number={5},
  pages={6000--6010},
  year={2012},
  publisher={Elsevier}
}
@article{moraes2013document,
  title={Document-level sentiment classification: An empirical comparison between SVM and ANN},
  author={Moraes, Rodrigo and Valiati, Jo{\~a}O Francisco and Neto, Wilson P Gavi{\~a}O},
  journal={Expert Systems with Applications},
  volume={40},
  number={2},
  pages={621--633},
  year={2013},
  publisher={Elsevier}
}
@article{chen2011quality,
  title={Quality evaluation of product reviews using an information quality framework},
  author={Chen, Chien Chin and Tseng, You-De},
  journal={Decision Support Systems},
  volume={50},
  number={4},
  pages={755--768},
  year={2011},
  publisher={Elsevier}
}
@article{li2013deriving,
  title={Deriving market intelligence from microblogs},
  author={Li, Yung-Ming and Li, Tsung-Ying},
  journal={Decision Support Systems},
  volume={55},
  number={1},
  pages={206--217},
  year={2013},
  publisher={Elsevier}
}

@article{van2012socialist,
  title={The socialist network},
  author={Van de Camp, Matje and Van den Bosch, Antal},
  journal={Decision Support Systems},
  volume={53},
  number={4},
  pages={761--769},
  year={2012},
  publisher={Elsevier}
}
@inproceedings{hu2004mining,
  title={Mining and summarizing customer reviews},
  author={Hu, Minqing and Liu, Bing},
  booktitle={Proceedings of the tenth ACM SIGKDD international conference on Knowledge discovery and data mining},
  pages={168--177},
  year={2004},
  organization={ACM}
}
@inproceedings{kim2004determining,
  title={Determining the sentiment of opinions},
  author={Kim, Soo-Min and Hovy, Eduard},
  booktitle={Proceedings of the 20th international conference on Computational Linguistics},
  pages={1367},
  year={2004},
  organization={Association for Computational Linguistics}
}
@article{miller1990introduction,
  title={Introduction to WordNet: An on-line lexical database},
  author={Miller, George A and Beckwith, Richard and Fellbaum, Christiane and Gross, Derek and Miller, Katherine J},
  journal={International journal of lexicography},
  volume={3},
  number={4},
  pages={235--244},
  year={1990},
  publisher={Oxford University Press}
}
@inproceedings{mohammad2009generating,
  title={Generating high-coverage semantic orientation lexicons from overtly marked words and a thesaurus},
  author={Mohammad, Saif and Dunne, Cody and Dorr, Bonnie},
  booktitle={Proceedings of the 2009 Conference on Empirical Methods in Natural Language Processing: Volume 2-Volume 2},
  pages={599--608},
  year={2009},
  organization={Association for Computational Linguistics}
}
@article{qiu2010dasa,
  title={DASA: dissatisfaction-oriented advertising based on sentiment analysis},
  author={Qiu, Guang and He, Xiaofei and Zhang, Feng and Shi, Yuan and Bu, Jiajun and Chen, Chun},
  journal={Expert Systems with Applications},
  volume={37},
  number={9},
  pages={6182--6191},
  year={2010},
  publisher={Elsevier}
}
@inproceedings{fahrni2008old,
  title={Old wine or warm beer: Target-specific sentiment analysis of adjectives},
  author={Fahrni, Angela and Klenner, Manfred},
  booktitle={Proc. of the Symposium on Affective Language in Human and Machine, AISB},
  pages={60--63},
  year={2008}
}
@inproceedings{read2009weakly,
  title={Weakly supervised techniques for domain-independent sentiment classification},
  author={Read, Jonathon and Carroll, John},
  booktitle={Proceedings of the 1st international CIKM workshop on Topic-sentiment analysis for mass opinion},
  pages={45--52},
  year={2009},
  organization={ACM}
}
@article{hu2012manipulation,
  title={Manipulation of online reviews: An analysis of ratings, readability, and sentiments},
  author={Hu, Nan and Bose, Indranil and Koh, Noi Sian and Liu, Ling},
  journal={Decision Support Systems},
  volume={52},
  number={3},
  pages={674--684},
  year={2012},
  publisher={Elsevier}
}
@article{deerwester1990indexing,
  title={Indexing by latent semantic analysis},
  author={Deerwester, Scott and Dumais, Susan T and Furnas, George W and Landauer, Thomas K and Harshman, Richard},
  journal={Journal of the American society for information science},
  volume={41},
  number={6},
  pages={391},
  year={1990},
  publisher={American Documentation Institute}
}
@article{cao2011exploring,
  title={Exploring determinants of voting for the “helpfulness” of online user reviews: A text mining approach},
  author={Cao, Qing and Duan, Wenjing and Gan, Qiwei},
  journal={Decision Support Systems},
  volume={50},
  number={2},
  pages={511--521},
  year={2011},
  publisher={Elsevier}
}
@article{maks2012lexicon,
  title={A lexicon model for deep sentiment analysis and opinion mining applications},
  author={Maks, Isa and Vossen, Piek},
  journal={Decision Support Systems},
  volume={53},
  number={4},
  pages={680--688},
  year={2012},
  publisher={Elsevier}
}
@article{van2012socialist,
  title={The socialist network},
  author={Van de Camp, Matje and Van den Bosch, Antal},
  journal={Decision Support Systems},
  volume={53},
  number={4},
  pages={761--769},
  year={2012},
  publisher={Elsevier}
}

%Source of Primary Text: 
%https://www.sciencedirect.com/science/article/pii/S2090447914000550
%

\end{thebibliography}